%YAML 1.1
%TAG !u! tag:unity3d.com,2011:
--- !u!29 &1
OcclusionCullingSettings:
  m_ObjectHideFlags: 0
  serializedVersion: 2
  m_OcclusionBakeSettings:
    smallestOccluder: 5
    smallestHole: 0.25
    backfaceThreshold: 100
  m_SceneGUID: 00000000000000000000000000000000
  m_OcclusionCullingData: {fileID: 0}
--- !u!104 &2
RenderSettings:
  m_ObjectHideFlags: 0
  serializedVersion: 9
  m_Fog: 0
  m_FogColor: {r: 0.5, g: 0.5, b: 0.5, a: 1}
  m_FogMode: 3
  m_FogDensity: 0.01
  m_LinearFogStart: 0
  m_LinearFogEnd: 300
  m_AmbientSkyColor: {r: 0.212, g: 0.227, b: 0.259, a: 1}
  m_AmbientEquatorColor: {r: 0.114, g: 0.125, b: 0.133, a: 1}
  m_AmbientGroundColor: {r: 0.047, g: 0.043, b: 0.035, a: 1}
  m_AmbientIntensity: 1
  m_AmbientMode: 0
  m_SubtractiveShadowColor: {r: 0.42, g: 0.478, b: 0.627, a: 1}
  m_SkyboxMaterial: {fileID: 10304, guid: 0000000000000000f000000000000000, type: 0}
  m_HaloStrength: 0.5
  m_FlareStrength: 1
  m_FlareFadeSpeed: 3
  m_HaloTexture: {fileID: 0}
  m_SpotCookie: {fileID: 10001, guid: 0000000000000000e000000000000000, type: 0}
  m_DefaultReflectionMode: 0
  m_DefaultReflectionResolution: 128
  m_ReflectionBounces: 1
  m_ReflectionIntensity: 1
  m_CustomReflection: {fileID: 0}
  m_Sun: {fileID: 0}
  m_IndirectSpecularColor: {r: 0.18028334, g: 0.2257134, b: 0.30692226, a: 1}
  m_UseRadianceAmbientProbe: 0
--- !u!157 &3
LightmapSettings:
  m_ObjectHideFlags: 0
  serializedVersion: 11
  m_GIWorkflowMode: 0
  m_GISettings:
    serializedVersion: 2
    m_BounceScale: 1
    m_IndirectOutputScale: 1
    m_AlbedoBoost: 1
    m_TemporalCoherenceThreshold: 1
    m_EnvironmentLightingMode: 0
    m_EnableBakedLightmaps: 1
    m_EnableRealtimeLightmaps: 1
  m_LightmapEditorSettings:
    serializedVersion: 10
    m_Resolution: 2
    m_BakeResolution: 40
    m_AtlasSize: 1024
    m_AO: 0
    m_AOMaxDistance: 1
    m_CompAOExponent: 1
    m_CompAOExponentDirect: 0
    m_Padding: 2
    m_LightmapParameters: {fileID: 0}
    m_LightmapsBakeMode: 1
    m_TextureCompression: 1
    m_FinalGather: 0
    m_FinalGatherFiltering: 1
    m_FinalGatherRayCount: 256
    m_ReflectionCompression: 2
    m_MixedBakeMode: 2
    m_BakeBackend: 1
    m_PVRSampling: 1
    m_PVRDirectSampleCount: 32
    m_PVRSampleCount: 500
    m_PVRBounces: 2
    m_PVRFilterTypeDirect: 0
    m_PVRFilterTypeIndirect: 0
    m_PVRFilterTypeAO: 0
    m_PVRFilteringMode: 1
    m_PVRCulling: 1
    m_PVRFilteringGaussRadiusDirect: 1
    m_PVRFilteringGaussRadiusIndirect: 5
    m_PVRFilteringGaussRadiusAO: 2
    m_PVRFilteringAtrousPositionSigmaDirect: 0.5
    m_PVRFilteringAtrousPositionSigmaIndirect: 2
    m_PVRFilteringAtrousPositionSigmaAO: 1
    m_ShowResolutionOverlay: 1
  m_LightingDataAsset: {fileID: 0}
  m_UseShadowmask: 1
--- !u!196 &4
NavMeshSettings:
  serializedVersion: 2
  m_ObjectHideFlags: 0
  m_BuildSettings:
    serializedVersion: 2
    agentTypeID: 0
    agentRadius: 0.5
    agentHeight: 2
    agentSlope: 45
    agentClimb: 0.4
    ledgeDropHeight: 0
    maxJumpAcrossDistance: 0
    minRegionArea: 2
    manualCellSize: 0
    cellSize: 0.16666667
    manualTileSize: 0
    tileSize: 256
    accuratePlacement: 0
    debug:
      m_Flags: 0
  m_NavMeshData: {fileID: 0}
--- !u!1 &63723446
GameObject:
  m_ObjectHideFlags: 0
  m_PrefabParentObject: {fileID: 0}
  m_PrefabInternal: {fileID: 0}
  serializedVersion: 5
  m_Component:
  - component: {fileID: 63723450}
  - component: {fileID: 63723449}
  - component: {fileID: 63723448}
  - component: {fileID: 63723447}
  m_Layer: 5
  m_Name: Canvas
  m_TagString: Untagged
  m_Icon: {fileID: 0}
  m_NavMeshLayer: 0
  m_StaticEditorFlags: 0
  m_IsActive: 1
--- !u!114 &63723447
MonoBehaviour:
  m_ObjectHideFlags: 0
  m_PrefabParentObject: {fileID: 0}
  m_PrefabInternal: {fileID: 0}
  m_GameObject: {fileID: 63723446}
  m_Enabled: 1
  m_EditorHideFlags: 0
  m_Script: {fileID: 1301386320, guid: f70555f144d8491a825f0804e09c671c, type: 3}
  m_Name: 
  m_EditorClassIdentifier: 
  m_IgnoreReversedGraphics: 1
  m_BlockingObjects: 0
  m_BlockingMask:
    serializedVersion: 2
    m_Bits: 4294967295
--- !u!114 &63723448
MonoBehaviour:
  m_ObjectHideFlags: 0
  m_PrefabParentObject: {fileID: 0}
  m_PrefabInternal: {fileID: 0}
  m_GameObject: {fileID: 63723446}
  m_Enabled: 1
  m_EditorHideFlags: 0
  m_Script: {fileID: 1980459831, guid: f70555f144d8491a825f0804e09c671c, type: 3}
  m_Name: 
  m_EditorClassIdentifier: 
  m_UiScaleMode: 0
  m_ReferencePixelsPerUnit: 100
  m_ScaleFactor: 1
  m_ReferenceResolution: {x: 800, y: 600}
  m_ScreenMatchMode: 0
  m_MatchWidthOrHeight: 0
  m_PhysicalUnit: 3
  m_FallbackScreenDPI: 96
  m_DefaultSpriteDPI: 96
  m_DynamicPixelsPerUnit: 1
--- !u!223 &63723449
Canvas:
  m_ObjectHideFlags: 0
  m_PrefabParentObject: {fileID: 0}
  m_PrefabInternal: {fileID: 0}
  m_GameObject: {fileID: 63723446}
  m_Enabled: 1
  serializedVersion: 3
  m_RenderMode: 0
  m_Camera: {fileID: 0}
  m_PlaneDistance: 100
  m_PixelPerfect: 0
  m_ReceivesEvents: 1
  m_OverrideSorting: 0
  m_OverridePixelPerfect: 0
  m_SortingBucketNormalizedSize: 0
  m_AdditionalShaderChannelsFlag: 25
  m_SortingLayerID: 0
  m_SortingOrder: 0
  m_TargetDisplay: 0
--- !u!224 &63723450
RectTransform:
  m_ObjectHideFlags: 0
  m_PrefabParentObject: {fileID: 0}
  m_PrefabInternal: {fileID: 0}
  m_GameObject: {fileID: 63723446}
  m_LocalRotation: {x: 0, y: 0, z: 0, w: 1}
  m_LocalPosition: {x: 0, y: 0, z: 0}
  m_LocalScale: {x: 0, y: 0, z: 0}
  m_Children:
  - {fileID: 680566268}
  m_Father: {fileID: 0}
  m_RootOrder: 2
  m_LocalEulerAnglesHint: {x: 0, y: 0, z: 0}
  m_AnchorMin: {x: 0, y: 0}
  m_AnchorMax: {x: 0, y: 0}
  m_AnchoredPosition: {x: 0, y: 0}
  m_SizeDelta: {x: 0, y: 0}
  m_Pivot: {x: 0, y: 0}
--- !u!1001 &407604389
Prefab:
  m_ObjectHideFlags: 0
  serializedVersion: 2
  m_Modification:
    m_TransformParent: {fileID: 63723450}
    m_Modifications:
    - target: {fileID: 224159263823245780, guid: 0cb7af66545d376409747374e7ae0fad,
        type: 2}
      propertyPath: m_LocalPosition.x
      value: 0
      objectReference: {fileID: 0}
    - target: {fileID: 224159263823245780, guid: 0cb7af66545d376409747374e7ae0fad,
        type: 2}
      propertyPath: m_LocalPosition.y
      value: 0
      objectReference: {fileID: 0}
    - target: {fileID: 224159263823245780, guid: 0cb7af66545d376409747374e7ae0fad,
        type: 2}
      propertyPath: m_LocalPosition.z
      value: 0
      objectReference: {fileID: 0}
    - target: {fileID: 224159263823245780, guid: 0cb7af66545d376409747374e7ae0fad,
        type: 2}
      propertyPath: m_LocalRotation.x
      value: 0
      objectReference: {fileID: 0}
    - target: {fileID: 224159263823245780, guid: 0cb7af66545d376409747374e7ae0fad,
        type: 2}
      propertyPath: m_LocalRotation.y
      value: 0
      objectReference: {fileID: 0}
    - target: {fileID: 224159263823245780, guid: 0cb7af66545d376409747374e7ae0fad,
        type: 2}
      propertyPath: m_LocalRotation.z
      value: 0
      objectReference: {fileID: 0}
    - target: {fileID: 224159263823245780, guid: 0cb7af66545d376409747374e7ae0fad,
        type: 2}
      propertyPath: m_LocalRotation.w
      value: 1
      objectReference: {fileID: 0}
    - target: {fileID: 224159263823245780, guid: 0cb7af66545d376409747374e7ae0fad,
        type: 2}
      propertyPath: m_RootOrder
      value: 0
      objectReference: {fileID: 0}
    - target: {fileID: 224159263823245780, guid: 0cb7af66545d376409747374e7ae0fad,
        type: 2}
      propertyPath: m_AnchoredPosition.x
      value: 5.47
      objectReference: {fileID: 0}
    - target: {fileID: 224159263823245780, guid: 0cb7af66545d376409747374e7ae0fad,
        type: 2}
      propertyPath: m_AnchoredPosition.y
      value: -5
      objectReference: {fileID: 0}
    - target: {fileID: 224159263823245780, guid: 0cb7af66545d376409747374e7ae0fad,
        type: 2}
      propertyPath: m_SizeDelta.x
      value: 830.9
      objectReference: {fileID: 0}
    - target: {fileID: 224159263823245780, guid: 0cb7af66545d376409747374e7ae0fad,
        type: 2}
      propertyPath: m_SizeDelta.y
      value: 607.1
      objectReference: {fileID: 0}
    - target: {fileID: 224159263823245780, guid: 0cb7af66545d376409747374e7ae0fad,
        type: 2}
      propertyPath: m_AnchorMin.x
      value: 0.5
      objectReference: {fileID: 0}
    - target: {fileID: 224159263823245780, guid: 0cb7af66545d376409747374e7ae0fad,
        type: 2}
      propertyPath: m_AnchorMin.y
      value: 0.5
      objectReference: {fileID: 0}
    - target: {fileID: 224159263823245780, guid: 0cb7af66545d376409747374e7ae0fad,
        type: 2}
      propertyPath: m_AnchorMax.x
      value: 0.5
      objectReference: {fileID: 0}
    - target: {fileID: 224159263823245780, guid: 0cb7af66545d376409747374e7ae0fad,
        type: 2}
      propertyPath: m_AnchorMax.y
      value: 0.5
      objectReference: {fileID: 0}
    - target: {fileID: 224159263823245780, guid: 0cb7af66545d376409747374e7ae0fad,
        type: 2}
      propertyPath: m_Pivot.x
      value: 0.5
      objectReference: {fileID: 0}
    - target: {fileID: 224159263823245780, guid: 0cb7af66545d376409747374e7ae0fad,
        type: 2}
      propertyPath: m_Pivot.y
      value: 0.5
      objectReference: {fileID: 0}
    - target: {fileID: 114885344236425160, guid: 0cb7af66545d376409747374e7ae0fad,
        type: 2}
      propertyPath: m_havePropertiesChanged
      value: 1
      objectReference: {fileID: 0}
    - target: {fileID: 114885344236425160, guid: 0cb7af66545d376409747374e7ae0fad,
        type: 2}
      propertyPath: m_isInputParsingRequired
      value: 1
      objectReference: {fileID: 0}
    - target: {fileID: 114558828270198358, guid: 0cb7af66545d376409747374e7ae0fad,
        type: 2}
      propertyPath: m_havePropertiesChanged
      value: 1
      objectReference: {fileID: 0}
    - target: {fileID: 114558828270198358, guid: 0cb7af66545d376409747374e7ae0fad,
        type: 2}
      propertyPath: m_isInputParsingRequired
      value: 1
      objectReference: {fileID: 0}
    - target: {fileID: 114945161839821248, guid: 0cb7af66545d376409747374e7ae0fad,
        type: 2}
      propertyPath: m_havePropertiesChanged
      value: 1
      objectReference: {fileID: 0}
    - target: {fileID: 114945161839821248, guid: 0cb7af66545d376409747374e7ae0fad,
        type: 2}
      propertyPath: m_isInputParsingRequired
      value: 1
      objectReference: {fileID: 0}
    - target: {fileID: 114842046680649278, guid: 0cb7af66545d376409747374e7ae0fad,
        type: 2}
      propertyPath: m_havePropertiesChanged
      value: 1
      objectReference: {fileID: 0}
    - target: {fileID: 114842046680649278, guid: 0cb7af66545d376409747374e7ae0fad,
        type: 2}
      propertyPath: m_isInputParsingRequired
      value: 1
      objectReference: {fileID: 0}
    - target: {fileID: 114647691959376242, guid: 0cb7af66545d376409747374e7ae0fad,
        type: 2}
      propertyPath: m_havePropertiesChanged
      value: 1
      objectReference: {fileID: 0}
    - target: {fileID: 114647691959376242, guid: 0cb7af66545d376409747374e7ae0fad,
        type: 2}
      propertyPath: m_isInputParsingRequired
      value: 1
      objectReference: {fileID: 0}
    - target: {fileID: 114821115089464510, guid: 0cb7af66545d376409747374e7ae0fad,
        type: 2}
      propertyPath: m_havePropertiesChanged
      value: 1
      objectReference: {fileID: 0}
    - target: {fileID: 114821115089464510, guid: 0cb7af66545d376409747374e7ae0fad,
        type: 2}
      propertyPath: m_isInputParsingRequired
      value: 1
      objectReference: {fileID: 0}
    - target: {fileID: 114069405221789790, guid: 0cb7af66545d376409747374e7ae0fad,
        type: 2}
      propertyPath: m_havePropertiesChanged
      value: 1
      objectReference: {fileID: 0}
    - target: {fileID: 114069405221789790, guid: 0cb7af66545d376409747374e7ae0fad,
        type: 2}
      propertyPath: m_isInputParsingRequired
      value: 1
      objectReference: {fileID: 0}
    - target: {fileID: 114484400309583388, guid: 0cb7af66545d376409747374e7ae0fad,
        type: 2}
      propertyPath: m_havePropertiesChanged
      value: 1
      objectReference: {fileID: 0}
    - target: {fileID: 114484400309583388, guid: 0cb7af66545d376409747374e7ae0fad,
        type: 2}
      propertyPath: m_isInputParsingRequired
      value: 1
      objectReference: {fileID: 0}
    - target: {fileID: 114341255417332762, guid: 0cb7af66545d376409747374e7ae0fad,
        type: 2}
      propertyPath: m_havePropertiesChanged
      value: 1
      objectReference: {fileID: 0}
    - target: {fileID: 114341255417332762, guid: 0cb7af66545d376409747374e7ae0fad,
        type: 2}
      propertyPath: m_isInputParsingRequired
      value: 1
      objectReference: {fileID: 0}
    - target: {fileID: 114932750266028984, guid: 0cb7af66545d376409747374e7ae0fad,
        type: 2}
      propertyPath: m_havePropertiesChanged
      value: 1
      objectReference: {fileID: 0}
    - target: {fileID: 114932750266028984, guid: 0cb7af66545d376409747374e7ae0fad,
        type: 2}
      propertyPath: m_isInputParsingRequired
      value: 1
      objectReference: {fileID: 0}
    - target: {fileID: 114335660576623090, guid: 0cb7af66545d376409747374e7ae0fad,
        type: 2}
      propertyPath: m_havePropertiesChanged
      value: 1
      objectReference: {fileID: 0}
    - target: {fileID: 114335660576623090, guid: 0cb7af66545d376409747374e7ae0fad,
        type: 2}
      propertyPath: m_isInputParsingRequired
      value: 1
      objectReference: {fileID: 0}
    - target: {fileID: 114978255338718676, guid: 0cb7af66545d376409747374e7ae0fad,
        type: 2}
      propertyPath: m_havePropertiesChanged
      value: 1
      objectReference: {fileID: 0}
    - target: {fileID: 114978255338718676, guid: 0cb7af66545d376409747374e7ae0fad,
        type: 2}
      propertyPath: m_isInputParsingRequired
      value: 1
      objectReference: {fileID: 0}
    - target: {fileID: 114914662492158406, guid: 0cb7af66545d376409747374e7ae0fad,
        type: 2}
      propertyPath: m_havePropertiesChanged
      value: 1
      objectReference: {fileID: 0}
    - target: {fileID: 114914662492158406, guid: 0cb7af66545d376409747374e7ae0fad,
        type: 2}
      propertyPath: m_isInputParsingRequired
      value: 1
      objectReference: {fileID: 0}
    - target: {fileID: 114787939486930858, guid: 0cb7af66545d376409747374e7ae0fad,
        type: 2}
      propertyPath: m_havePropertiesChanged
      value: 1
      objectReference: {fileID: 0}
    - target: {fileID: 114787939486930858, guid: 0cb7af66545d376409747374e7ae0fad,
        type: 2}
      propertyPath: m_isInputParsingRequired
      value: 1
      objectReference: {fileID: 0}
    - target: {fileID: 114420125766553232, guid: 0cb7af66545d376409747374e7ae0fad,
        type: 2}
      propertyPath: m_havePropertiesChanged
      value: 1
      objectReference: {fileID: 0}
    - target: {fileID: 114420125766553232, guid: 0cb7af66545d376409747374e7ae0fad,
        type: 2}
      propertyPath: m_isInputParsingRequired
      value: 1
      objectReference: {fileID: 0}
    - target: {fileID: 114978220393670796, guid: 0cb7af66545d376409747374e7ae0fad,
        type: 2}
      propertyPath: m_havePropertiesChanged
      value: 1
      objectReference: {fileID: 0}
    - target: {fileID: 114978220393670796, guid: 0cb7af66545d376409747374e7ae0fad,
        type: 2}
      propertyPath: m_isInputParsingRequired
      value: 1
      objectReference: {fileID: 0}
    - target: {fileID: 114562285148336256, guid: 0cb7af66545d376409747374e7ae0fad,
        type: 2}
      propertyPath: m_havePropertiesChanged
      value: 1
      objectReference: {fileID: 0}
    - target: {fileID: 114562285148336256, guid: 0cb7af66545d376409747374e7ae0fad,
        type: 2}
      propertyPath: m_isInputParsingRequired
      value: 1
      objectReference: {fileID: 0}
    - target: {fileID: 114200042989432232, guid: 0cb7af66545d376409747374e7ae0fad,
        type: 2}
      propertyPath: m_havePropertiesChanged
      value: 1
      objectReference: {fileID: 0}
    - target: {fileID: 114200042989432232, guid: 0cb7af66545d376409747374e7ae0fad,
        type: 2}
      propertyPath: m_isInputParsingRequired
      value: 1
      objectReference: {fileID: 0}
    - target: {fileID: 114564888111965902, guid: 0cb7af66545d376409747374e7ae0fad,
        type: 2}
      propertyPath: m_havePropertiesChanged
      value: 1
      objectReference: {fileID: 0}
    - target: {fileID: 114564888111965902, guid: 0cb7af66545d376409747374e7ae0fad,
        type: 2}
      propertyPath: m_isInputParsingRequired
      value: 1
      objectReference: {fileID: 0}
    - target: {fileID: 114138827767338934, guid: 0cb7af66545d376409747374e7ae0fad,
        type: 2}
      propertyPath: m_havePropertiesChanged
      value: 1
      objectReference: {fileID: 0}
    - target: {fileID: 114138827767338934, guid: 0cb7af66545d376409747374e7ae0fad,
        type: 2}
      propertyPath: m_isInputParsingRequired
      value: 1
      objectReference: {fileID: 0}
    - target: {fileID: 114243327420637036, guid: 0cb7af66545d376409747374e7ae0fad,
        type: 2}
      propertyPath: m_havePropertiesChanged
      value: 1
      objectReference: {fileID: 0}
    - target: {fileID: 114243327420637036, guid: 0cb7af66545d376409747374e7ae0fad,
        type: 2}
      propertyPath: m_isInputParsingRequired
      value: 1
      objectReference: {fileID: 0}
    - target: {fileID: 114905030253507574, guid: 0cb7af66545d376409747374e7ae0fad,
        type: 2}
      propertyPath: m_havePropertiesChanged
      value: 1
      objectReference: {fileID: 0}
    - target: {fileID: 114905030253507574, guid: 0cb7af66545d376409747374e7ae0fad,
        type: 2}
      propertyPath: m_isInputParsingRequired
      value: 1
      objectReference: {fileID: 0}
    - target: {fileID: 114636207394947042, guid: 0cb7af66545d376409747374e7ae0fad,
        type: 2}
      propertyPath: m_havePropertiesChanged
      value: 1
      objectReference: {fileID: 0}
    - target: {fileID: 114636207394947042, guid: 0cb7af66545d376409747374e7ae0fad,
        type: 2}
      propertyPath: m_isInputParsingRequired
      value: 1
      objectReference: {fileID: 0}
    - target: {fileID: 114796339981261144, guid: 0cb7af66545d376409747374e7ae0fad,
        type: 2}
      propertyPath: m_havePropertiesChanged
      value: 1
      objectReference: {fileID: 0}
    - target: {fileID: 114796339981261144, guid: 0cb7af66545d376409747374e7ae0fad,
        type: 2}
      propertyPath: m_isInputParsingRequired
      value: 1
      objectReference: {fileID: 0}
    - target: {fileID: 114386140151644536, guid: 0cb7af66545d376409747374e7ae0fad,
        type: 2}
      propertyPath: m_havePropertiesChanged
      value: 1
      objectReference: {fileID: 0}
    - target: {fileID: 114386140151644536, guid: 0cb7af66545d376409747374e7ae0fad,
        type: 2}
      propertyPath: m_isInputParsingRequired
      value: 1
      objectReference: {fileID: 0}
    - target: {fileID: 114408831843114278, guid: 0cb7af66545d376409747374e7ae0fad,
        type: 2}
      propertyPath: m_havePropertiesChanged
      value: 1
      objectReference: {fileID: 0}
    - target: {fileID: 114408831843114278, guid: 0cb7af66545d376409747374e7ae0fad,
        type: 2}
      propertyPath: m_isInputParsingRequired
      value: 1
      objectReference: {fileID: 0}
    - target: {fileID: 114431419315176124, guid: 0cb7af66545d376409747374e7ae0fad,
        type: 2}
      propertyPath: m_havePropertiesChanged
      value: 1
      objectReference: {fileID: 0}
    - target: {fileID: 114431419315176124, guid: 0cb7af66545d376409747374e7ae0fad,
        type: 2}
      propertyPath: m_isInputParsingRequired
      value: 1
      objectReference: {fileID: 0}
    - target: {fileID: 114754070422480210, guid: 0cb7af66545d376409747374e7ae0fad,
        type: 2}
      propertyPath: m_havePropertiesChanged
      value: 1
      objectReference: {fileID: 0}
    - target: {fileID: 114754070422480210, guid: 0cb7af66545d376409747374e7ae0fad,
        type: 2}
      propertyPath: m_isInputParsingRequired
      value: 1
      objectReference: {fileID: 0}
    - target: {fileID: 114738731858410844, guid: 0cb7af66545d376409747374e7ae0fad,
        type: 2}
      propertyPath: m_havePropertiesChanged
      value: 1
      objectReference: {fileID: 0}
    - target: {fileID: 114738731858410844, guid: 0cb7af66545d376409747374e7ae0fad,
        type: 2}
      propertyPath: m_isInputParsingRequired
      value: 1
      objectReference: {fileID: 0}
    - target: {fileID: 114311558714044588, guid: 0cb7af66545d376409747374e7ae0fad,
        type: 2}
      propertyPath: m_havePropertiesChanged
      value: 1
      objectReference: {fileID: 0}
    - target: {fileID: 114311558714044588, guid: 0cb7af66545d376409747374e7ae0fad,
        type: 2}
      propertyPath: m_isInputParsingRequired
      value: 1
      objectReference: {fileID: 0}
    - target: {fileID: 114487666541296412, guid: 0cb7af66545d376409747374e7ae0fad,
        type: 2}
      propertyPath: m_havePropertiesChanged
      value: 1
      objectReference: {fileID: 0}
    - target: {fileID: 114487666541296412, guid: 0cb7af66545d376409747374e7ae0fad,
        type: 2}
      propertyPath: m_isInputParsingRequired
      value: 1
      objectReference: {fileID: 0}
    - target: {fileID: 114846130338390524, guid: 0cb7af66545d376409747374e7ae0fad,
        type: 2}
      propertyPath: m_havePropertiesChanged
      value: 1
      objectReference: {fileID: 0}
    - target: {fileID: 114846130338390524, guid: 0cb7af66545d376409747374e7ae0fad,
        type: 2}
      propertyPath: m_isInputParsingRequired
      value: 1
      objectReference: {fileID: 0}
    - target: {fileID: 114873957931934780, guid: 0cb7af66545d376409747374e7ae0fad,
        type: 2}
      propertyPath: m_havePropertiesChanged
      value: 1
      objectReference: {fileID: 0}
    - target: {fileID: 114873957931934780, guid: 0cb7af66545d376409747374e7ae0fad,
        type: 2}
      propertyPath: m_isInputParsingRequired
      value: 1
      objectReference: {fileID: 0}
    - target: {fileID: 114141163268638642, guid: 0cb7af66545d376409747374e7ae0fad,
        type: 2}
      propertyPath: m_havePropertiesChanged
      value: 1
      objectReference: {fileID: 0}
    - target: {fileID: 114141163268638642, guid: 0cb7af66545d376409747374e7ae0fad,
        type: 2}
      propertyPath: m_isInputParsingRequired
      value: 1
      objectReference: {fileID: 0}
    - target: {fileID: 114219077749432080, guid: 0cb7af66545d376409747374e7ae0fad,
        type: 2}
      propertyPath: m_havePropertiesChanged
      value: 1
      objectReference: {fileID: 0}
    - target: {fileID: 114219077749432080, guid: 0cb7af66545d376409747374e7ae0fad,
        type: 2}
      propertyPath: m_isInputParsingRequired
      value: 1
      objectReference: {fileID: 0}
    - target: {fileID: 114486900273771242, guid: 0cb7af66545d376409747374e7ae0fad,
        type: 2}
      propertyPath: m_havePropertiesChanged
      value: 1
      objectReference: {fileID: 0}
    - target: {fileID: 114486900273771242, guid: 0cb7af66545d376409747374e7ae0fad,
        type: 2}
      propertyPath: m_isInputParsingRequired
      value: 1
      objectReference: {fileID: 0}
    - target: {fileID: 114407917226815548, guid: 0cb7af66545d376409747374e7ae0fad,
        type: 2}
      propertyPath: m_havePropertiesChanged
      value: 1
      objectReference: {fileID: 0}
    - target: {fileID: 114407917226815548, guid: 0cb7af66545d376409747374e7ae0fad,
        type: 2}
      propertyPath: m_isInputParsingRequired
      value: 1
      objectReference: {fileID: 0}
    - target: {fileID: 114631757435792590, guid: 0cb7af66545d376409747374e7ae0fad,
        type: 2}
      propertyPath: m_havePropertiesChanged
      value: 1
      objectReference: {fileID: 0}
    - target: {fileID: 114631757435792590, guid: 0cb7af66545d376409747374e7ae0fad,
        type: 2}
      propertyPath: m_isInputParsingRequired
      value: 1
      objectReference: {fileID: 0}
    - target: {fileID: 114341398013042334, guid: 0cb7af66545d376409747374e7ae0fad,
        type: 2}
      propertyPath: m_havePropertiesChanged
      value: 1
      objectReference: {fileID: 0}
    - target: {fileID: 114341398013042334, guid: 0cb7af66545d376409747374e7ae0fad,
        type: 2}
      propertyPath: m_isInputParsingRequired
      value: 1
      objectReference: {fileID: 0}
    - target: {fileID: 114831216477454596, guid: 0cb7af66545d376409747374e7ae0fad,
        type: 2}
      propertyPath: m_havePropertiesChanged
      value: 1
      objectReference: {fileID: 0}
    - target: {fileID: 114831216477454596, guid: 0cb7af66545d376409747374e7ae0fad,
        type: 2}
      propertyPath: m_isInputParsingRequired
      value: 1
      objectReference: {fileID: 0}
    - target: {fileID: 114865097534803194, guid: 0cb7af66545d376409747374e7ae0fad,
        type: 2}
      propertyPath: m_havePropertiesChanged
      value: 1
      objectReference: {fileID: 0}
    - target: {fileID: 114865097534803194, guid: 0cb7af66545d376409747374e7ae0fad,
        type: 2}
      propertyPath: m_isInputParsingRequired
      value: 1
      objectReference: {fileID: 0}
    - target: {fileID: 114589339994483864, guid: 0cb7af66545d376409747374e7ae0fad,
        type: 2}
      propertyPath: m_havePropertiesChanged
      value: 1
      objectReference: {fileID: 0}
    - target: {fileID: 114589339994483864, guid: 0cb7af66545d376409747374e7ae0fad,
        type: 2}
      propertyPath: m_isInputParsingRequired
      value: 1
      objectReference: {fileID: 0}
    - target: {fileID: 114839359108249406, guid: 0cb7af66545d376409747374e7ae0fad,
        type: 2}
      propertyPath: m_havePropertiesChanged
      value: 1
      objectReference: {fileID: 0}
    - target: {fileID: 114839359108249406, guid: 0cb7af66545d376409747374e7ae0fad,
        type: 2}
      propertyPath: m_isInputParsingRequired
      value: 1
      objectReference: {fileID: 0}
    - target: {fileID: 114734770749193966, guid: 0cb7af66545d376409747374e7ae0fad,
        type: 2}
      propertyPath: m_havePropertiesChanged
      value: 1
      objectReference: {fileID: 0}
    - target: {fileID: 114734770749193966, guid: 0cb7af66545d376409747374e7ae0fad,
        type: 2}
      propertyPath: m_isInputParsingRequired
      value: 1
      objectReference: {fileID: 0}
    - target: {fileID: 114159763874106002, guid: 0cb7af66545d376409747374e7ae0fad,
        type: 2}
      propertyPath: m_havePropertiesChanged
      value: 1
      objectReference: {fileID: 0}
    - target: {fileID: 114159763874106002, guid: 0cb7af66545d376409747374e7ae0fad,
        type: 2}
      propertyPath: m_isInputParsingRequired
      value: 1
      objectReference: {fileID: 0}
    - target: {fileID: 114628879270981090, guid: 0cb7af66545d376409747374e7ae0fad,
        type: 2}
      propertyPath: m_havePropertiesChanged
      value: 1
      objectReference: {fileID: 0}
    - target: {fileID: 114628879270981090, guid: 0cb7af66545d376409747374e7ae0fad,
        type: 2}
      propertyPath: m_isInputParsingRequired
      value: 1
      objectReference: {fileID: 0}
    - target: {fileID: 114501820343784808, guid: 0cb7af66545d376409747374e7ae0fad,
        type: 2}
      propertyPath: m_havePropertiesChanged
      value: 1
      objectReference: {fileID: 0}
    - target: {fileID: 114501820343784808, guid: 0cb7af66545d376409747374e7ae0fad,
        type: 2}
      propertyPath: m_isInputParsingRequired
      value: 1
      objectReference: {fileID: 0}
    - target: {fileID: 114662797319776662, guid: 0cb7af66545d376409747374e7ae0fad,
        type: 2}
      propertyPath: m_havePropertiesChanged
      value: 1
      objectReference: {fileID: 0}
    - target: {fileID: 114662797319776662, guid: 0cb7af66545d376409747374e7ae0fad,
        type: 2}
      propertyPath: m_isInputParsingRequired
      value: 1
      objectReference: {fileID: 0}
    - target: {fileID: 114605110380481528, guid: 0cb7af66545d376409747374e7ae0fad,
        type: 2}
      propertyPath: m_havePropertiesChanged
      value: 1
      objectReference: {fileID: 0}
    - target: {fileID: 114605110380481528, guid: 0cb7af66545d376409747374e7ae0fad,
        type: 2}
      propertyPath: m_isInputParsingRequired
      value: 1
      objectReference: {fileID: 0}
    - target: {fileID: 114238191223101284, guid: 0cb7af66545d376409747374e7ae0fad,
        type: 2}
      propertyPath: m_havePropertiesChanged
      value: 1
      objectReference: {fileID: 0}
    - target: {fileID: 114238191223101284, guid: 0cb7af66545d376409747374e7ae0fad,
        type: 2}
      propertyPath: m_isInputParsingRequired
      value: 1
      objectReference: {fileID: 0}
    - target: {fileID: 114992326577019500, guid: 0cb7af66545d376409747374e7ae0fad,
        type: 2}
      propertyPath: m_havePropertiesChanged
      value: 1
      objectReference: {fileID: 0}
    - target: {fileID: 114992326577019500, guid: 0cb7af66545d376409747374e7ae0fad,
        type: 2}
      propertyPath: m_isInputParsingRequired
      value: 1
      objectReference: {fileID: 0}
    - target: {fileID: 114998154721735980, guid: 0cb7af66545d376409747374e7ae0fad,
        type: 2}
      propertyPath: m_havePropertiesChanged
      value: 1
      objectReference: {fileID: 0}
    - target: {fileID: 114998154721735980, guid: 0cb7af66545d376409747374e7ae0fad,
        type: 2}
      propertyPath: m_isInputParsingRequired
      value: 1
      objectReference: {fileID: 0}
    - target: {fileID: 114887657068313844, guid: 0cb7af66545d376409747374e7ae0fad,
        type: 2}
      propertyPath: m_havePropertiesChanged
      value: 1
      objectReference: {fileID: 0}
    - target: {fileID: 114887657068313844, guid: 0cb7af66545d376409747374e7ae0fad,
        type: 2}
      propertyPath: m_isInputParsingRequired
      value: 1
      objectReference: {fileID: 0}
    - target: {fileID: 114522487472497768, guid: 0cb7af66545d376409747374e7ae0fad,
        type: 2}
      propertyPath: m_havePropertiesChanged
      value: 1
      objectReference: {fileID: 0}
    - target: {fileID: 114522487472497768, guid: 0cb7af66545d376409747374e7ae0fad,
        type: 2}
      propertyPath: m_isInputParsingRequired
      value: 1
      objectReference: {fileID: 0}
    m_RemovedComponents: []
  m_ParentPrefab: {fileID: 100100000, guid: 0cb7af66545d376409747374e7ae0fad, type: 2}
  m_IsPrefabParent: 0
--- !u!224 &680566268 stripped
RectTransform:
  m_PrefabParentObject: {fileID: 224159263823245780, guid: 0cb7af66545d376409747374e7ae0fad,
    type: 2}
  m_PrefabInternal: {fileID: 407604389}
--- !u!1 &753231297
GameObject:
  m_ObjectHideFlags: 0
  m_PrefabParentObject: {fileID: 0}
  m_PrefabInternal: {fileID: 0}
  serializedVersion: 5
  m_Component:
  - component: {fileID: 753231301}
  - component: {fileID: 753231300}
  - component: {fileID: 753231299}
  - component: {fileID: 753231298}
  m_Layer: 0
  m_Name: Main Camera
  m_TagString: MainCamera
  m_Icon: {fileID: 0}
  m_NavMeshLayer: 0
  m_StaticEditorFlags: 0
  m_IsActive: 1
--- !u!81 &753231298
AudioListener:
  m_ObjectHideFlags: 0
  m_PrefabParentObject: {fileID: 0}
  m_PrefabInternal: {fileID: 0}
  m_GameObject: {fileID: 753231297}
  m_Enabled: 1
--- !u!124 &753231299
Behaviour:
  m_ObjectHideFlags: 0
  m_PrefabParentObject: {fileID: 0}
  m_PrefabInternal: {fileID: 0}
  m_GameObject: {fileID: 753231297}
  m_Enabled: 1
--- !u!20 &753231300
Camera:
  m_ObjectHideFlags: 0
  m_PrefabParentObject: {fileID: 0}
  m_PrefabInternal: {fileID: 0}
  m_GameObject: {fileID: 753231297}
  m_Enabled: 1
  serializedVersion: 2
  m_ClearFlags: 2
  m_BackGroundColor: {r: 0.19215687, g: 0.3019608, b: 0.4745098, a: 0}
  m_NormalizedViewPortRect:
    serializedVersion: 2
    x: 0
    y: 0
    width: 1
    height: 1
  near clip plane: 0.3
  far clip plane: 1000
  field of view: 60
  orthographic: 0
  orthographic size: 5
  m_Depth: -1
  m_CullingMask:
    serializedVersion: 2
    m_Bits: 4294967295
  m_RenderingPath: -1
  m_TargetTexture: {fileID: 0}
  m_TargetDisplay: 0
  m_TargetEye: 3
  m_HDR: 1
  m_AllowMSAA: 1
  m_AllowDynamicResolution: 0
  m_ForceIntoRT: 0
  m_OcclusionCulling: 1
  m_StereoConvergence: 10
  m_StereoSeparation: 0.022
--- !u!4 &753231301
Transform:
  m_ObjectHideFlags: 0
  m_PrefabParentObject: {fileID: 0}
  m_PrefabInternal: {fileID: 0}
  m_GameObject: {fileID: 753231297}
  m_LocalRotation: {x: 0, y: 0, z: 0, w: 1}
  m_LocalPosition: {x: 0, y: 1, z: -10}
  m_LocalScale: {x: 1, y: 1, z: 1}
  m_Children: []
  m_Father: {fileID: 0}
  m_RootOrder: 0
  m_LocalEulerAnglesHint: {x: 0, y: 0, z: 0}
--- !u!1 &1038441812
GameObject:
  m_ObjectHideFlags: 0
  m_PrefabParentObject: {fileID: 0}
  m_PrefabInternal: {fileID: 0}
  serializedVersion: 5
  m_Component:
  - component: {fileID: 1038441814}
  - component: {fileID: 1038441813}
  m_Layer: 0
  m_Name: Directional Light
  m_TagString: Untagged
  m_Icon: {fileID: 0}
  m_NavMeshLayer: 0
  m_StaticEditorFlags: 0
  m_IsActive: 1
--- !u!108 &1038441813
Light:
  m_ObjectHideFlags: 0
  m_PrefabParentObject: {fileID: 0}
  m_PrefabInternal: {fileID: 0}
  m_GameObject: {fileID: 1038441812}
  m_Enabled: 1
  serializedVersion: 8
  m_Type: 1
  m_Color: {r: 1, g: 0.95686275, b: 0.8392157, a: 1}
  m_Intensity: 1
  m_Range: 10
  m_SpotAngle: 30
  m_CookieSize: 10
  m_Shadows:
    m_Type: 2
    m_Resolution: -1
    m_CustomResolution: -1
    m_Strength: 1
    m_Bias: 0.05
    m_NormalBias: 0.4
    m_NearPlane: 0.2
  m_Cookie: {fileID: 0}
  m_DrawHalo: 0
  m_Flare: {fileID: 0}
  m_RenderMode: 0
  m_CullingMask:
    serializedVersion: 2
    m_Bits: 4294967295
  m_Lightmapping: 4
  m_AreaSize: {x: 1, y: 1}
  m_BounceIntensity: 1
  m_ColorTemperature: 6570
  m_UseColorTemperature: 0
  m_ShadowRadius: 0
  m_ShadowAngle: 0
--- !u!4 &1038441814
Transform:
  m_ObjectHideFlags: 0
  m_PrefabParentObject: {fileID: 0}
  m_PrefabInternal: {fileID: 0}
  m_GameObject: {fileID: 1038441812}
  m_LocalRotation: {x: 0.40821788, y: -0.23456968, z: 0.10938163, w: 0.8754261}
  m_LocalPosition: {x: 0, y: 3, z: 0}
  m_LocalScale: {x: 1, y: 1, z: 1}
  m_Children: []
  m_Father: {fileID: 0}
  m_RootOrder: 1
  m_LocalEulerAnglesHint: {x: 50, y: -30, z: 0}
--- !u!1 &1538181561
GameObject:
  m_ObjectHideFlags: 0
  m_PrefabParentObject: {fileID: 0}
  m_PrefabInternal: {fileID: 0}
  serializedVersion: 5
  m_Component:
  - component: {fileID: 1538181564}
  - component: {fileID: 1538181563}
  - component: {fileID: 1538181562}
  m_Layer: 0
  m_Name: EventSystem
  m_TagString: Untagged
  m_Icon: {fileID: 0}
  m_NavMeshLayer: 0
  m_StaticEditorFlags: 0
  m_IsActive: 1
--- !u!114 &1538181562
MonoBehaviour:
  m_ObjectHideFlags: 0
  m_PrefabParentObject: {fileID: 0}
  m_PrefabInternal: {fileID: 0}
  m_GameObject: {fileID: 1538181561}
  m_Enabled: 1
  m_EditorHideFlags: 0
  m_Script: {fileID: 1077351063, guid: f70555f144d8491a825f0804e09c671c, type: 3}
  m_Name: 
  m_EditorClassIdentifier: 
  m_HorizontalAxis: Horizontal
  m_VerticalAxis: Vertical
  m_SubmitButton: Submit
  m_CancelButton: Cancel
  m_InputActionsPerSecond: 10
  m_RepeatDelay: 0.5
  m_ForceModuleActive: 0
--- !u!114 &1538181563
MonoBehaviour:
  m_ObjectHideFlags: 0
  m_PrefabParentObject: {fileID: 0}
  m_PrefabInternal: {fileID: 0}
  m_GameObject: {fileID: 1538181561}
  m_Enabled: 1
  m_EditorHideFlags: 0
  m_Script: {fileID: -619905303, guid: f70555f144d8491a825f0804e09c671c, type: 3}
  m_Name: 
  m_EditorClassIdentifier: 
  m_FirstSelected: {fileID: 0}
  m_sendNavigationEvents: 1
  m_DragThreshold: 10
--- !u!4 &1538181564
Transform:
  m_ObjectHideFlags: 0
  m_PrefabParentObject: {fileID: 0}
  m_PrefabInternal: {fileID: 0}
  m_GameObject: {fileID: 1538181561}
  m_LocalRotation: {x: 0, y: 0, z: 0, w: 1}
  m_LocalPosition: {x: 0, y: 0, z: 0}
  m_LocalScale: {x: 1, y: 1, z: 1}
  m_Children: []
  m_Father: {fileID: 0}
  m_RootOrder: 3
  m_LocalEulerAnglesHint: {x: 0, y: 0, z: 0}
